@misc{moro2018escrita,
  author  = {Moro, Mirella M.},
  title   = {Escrita e Apresentação de Artigos Científicos},
  year    = {2018},
  url     = {https://homepages.dcc.ufmg.br/~mirella/ppt/2018-EVCOMP-escrita.pdf},
  urldate = {2024-12-02}
}