@book{dias_2009_como_escrever,
  author    = {Dias, Donaldo de Souza and Silva, Mônica Ferreira da},
  isbn      = {978-85-7508-071-9},
  month     = {maio},
  publisher = {Relatórios COPPEAD - UFRJ},
  title     = {Como escrever uma monografia},
  year      = {2009}
}

@online{britannica_2024_science,
  author = {{Encyclopaedia Britannica}},
  day    = {16},
  month  = {novembro},
  note   = {Acessado: 19 nov. 2024},
  title  = {Science},
  url    = {https://www.britannica.com/science/science},
  year   = {2024}
}

@online{britannica_2024_scientific_method,
  author = {{Encyclopaedia Britannica}},
  month  = {outubro},
  note   = {Acessado: 19 nov. 2024},
  title  = {Scientific Method},
  url    = {https://www.britannica.com/science/scientific-method},
  year   = {2024}
}

@online{maillard_2010_escrever_monografias,
  author = {MAILLARD, Nicolas},
  day    = {2},
  month  = {Abril},
  note   = {Acessado: 19 nov. 2024},
  title  = {Escrever monografias e artigos científicos},
  url    = {https://www.inf.ufrgs.br/~nicolas/writing_papers_essays.html},
  year   = {2010}
}

@online{liamara_pesquisa,
  author = {Scortegagna, Liamara},
  title  = {Pesquisa},
  url    = {https://ead.ufjf.br/pluginfile.php/1888346/mod_resource/content/4/Aula_2_Pesquisa_e_classificacao.pdf}
}