@book{dias_2009_como_escrever,
  author    = {Dias, Donaldo de Souza and Silva, Mônica Ferreira da},
  isbn      = {978-85-7508-071-9},
  month     = {maio},
  publisher = {Relatórios COPPEAD - UFRJ},
  title     = {Como escrever uma monografia},
  year      = {2009}
}

@online{britannica_2024_science,
  author = {{Encyclopaedia Britannica}},
  day    = {16},
  month  = {novembro},
  note   = {Acessado: 19 nov. 2024},
  title  = {Science},
  url    = {https://www.britannica.com/science/science},
  year   = {2024}
}

@online{britannica_2024_scientific_method,
  author = {{Encyclopaedia Britannica}},
  month  = {outubro},
  note   = {Acessado: 19 nov. 2024},
  title  = {Scientific Method},
  url    = {https://www.britannica.com/science/scientific-method},
  year   = {2024}
}

@article{erol_2017_conduct,
  address   = {Turkey},
  author    = {Erol, Almıla},
  doi       = {10.5152/npa.2017.0120102},
  eissn     = {1309-4866},
  issn      = {1300-0667},
  journal   = {Noro Psikiyatr Ars},
  month     = {Jun},
  note      = {Editorial},
  number    = {2},
  pages     = {97-98},
  pmid      = {28680304},
  publisher = {NLM},
  title     = {How to Conduct Scientific Research?},
  url       = {https://www.ncbi.nlm.nih.gov/pmc/articles/PMC5491675/},
  volume    = {54},
  year      = {2017}
}

@book{gil_2002_projetos,
  address   = {São Paulo},
  author    = {Gil, Antonio Carlos},
  edition   = {4},
  publisher = {Atlas},
  title     = {Como elaborar projetos de pesquisa},
  year      = {2002}
}

@online{maillard_2010_escrever_monografias,
  author = {Maillard, Nicolas},
  day    = {2},
  month  = {Abril},
  note   = {Acessado: 19 nov. 2024},
  title  = {Escrever monografias e artigos científicos},
  url    = {https://www.inf.ufrgs.br/~nicolas/writing_papers_essays.html},
  year   = {2010}
}

@online{liamara_pesquisa,
  author = {Scortegagna, Liamara},
  note   = {Acessado: 19 nov. 2024},
  title  = {Pesquisa},
  url    = {https://ead.ufjf.br/pluginfile.php/1888346/mod_resource/content/4/Aula_2_Pesquisa_e_classificacao.pdf}
}