+@book{laudon2021management,
  title     = {Management Information Systems: Managing the Digital Firm, Global Edition},
  author    = {Laudon, K.C. and Laudon, J.P.},
  isbn      = {9781292403571},
  url       = {https://books.google.com.br/books?id=4b4zEAAAQBAJ},
  year      = {2021},
  publisher = {Pearson Education}
}

@misc{mec2016dcn,
  author  = {{MEC}},
  title   = {Diretrizes Curriculares Nacionais para os Cursos de Graduação em Computação (DCNs)},
  year    = {2016},
  url     = {http://portal.mec.gov.br/index.php?option=com_docman&view=download&alias=11205-pces136-11-pdf&category_slug=julho-2012-pdf&Itemid=30192},
  urldate = {2016-08-22}
}

@book{sommerville2011software,
  author       = {Sommerville, I.},
  title        = {Engenhaia de Software},
  year         = {2011},
  language     = {Portuguese},
  edition      = {9},
  publisher    = {Pearson},
  isbn         = {978-8579361081},
  origlanguage = {English},
  pagetotal    = {529}
}

@book{zorzo2017referenciais,
  author    = {Zorzo, A. F. and Nunes, D. and Matos, E. and Steinmacher, I. and Leite, J. and Araujo, R. M. and Correia, R. and Martins, S.},
  title     = {Referenciais de Formação para os Cursos de Graduação em Computação},
  year      = {2017},
  publisher = {Sociedade Brasileira de Computação (SBC)},
  pages     = {153}
}
