@misc{ibm2024er,
  author        = {Belcic, Ivan and Stryket, Cole},
  day           = {24},
  month         = {6},
  organization  = {IBM},
  title         = {O que é um diagrama de relacionamento entre entidades?},
  url           = {https://www.ibm.com/br-pt/think/topics/entity-relationship-diagram},
  urlaccessdate = {31 out. 2024},
  year          = {2024}
}

@book{hamdy2007po,
  author    = {Hamdy, A. Taha},
  edition   = {8},
  isbn      = {978-8576051503},
  language  = {Portuguese},
  pagetotal = {384},
  publisher = {Pearson},
  subtitle  = {Uma visão geral},
  title     = {Pesquisa Operacional},
  year      = {2007}
}

@book{laudon2021management,
  author        = {Laudon, K.C. and Laudon, J.P.},
  isbn          = {9781292403571},
  publisher     = {Pearson Education},
  title         = {Management Information Systems: Managing the Digital Firm, Global Edition},
  url           = {https://books.google.com.br/books?id=4b4zEAAAQBAJ},
  urlaccessdate = {31 out. 2024},
  year          = {2021}
}

@misc{mec2016dcn,
  author        = {{MEC}},
  title         = {Diretrizes Curriculares Nacionais para os Cursos de Graduação em Computação (DCNs)},
  url           = {http://portal.mec.gov.br/index.php?option=com_docman&view=download&alias=11205-pces136-11-pdf&category_slug=julho-2012-pdf&Itemid=30192},
  urlaccessdate = {31 out. 2024},
  year          = {2016}
}

@misc{sobrapo_po,
  author   = {{SOBRAPO}},
  title    = { O que é pesquisa operacional?},
  url      = {https://www.sobrapo.org.br/o-que-e-pesquisa-operacional},
  url-date = {31 out. 2024}
}

@book{sommerville2011software,
  author       = {Sommerville, I.},
  edition      = {9},
  isbn         = {978-8579361081},
  language     = {Portuguese},
  origlanguage = {English},
  pagetotal    = {529},
  publisher    = {Pearson},
  title        = {Engenhaia de Software},
  year         = {2011}
}

@book{zorzo2017referenciais,
  author        = {Zorzo, A. F. and Nunes, D. and Matos, E. and Steinmacher, I. and Leite, J. and Araujo, R. M. and Correia, R. and Martins, S.},
  pages         = {153},
  publisher     = {Sociedade Brasileira de Computação (SBC)},
  title         = {Referenciais de Formação para os Cursos de Graduação em Computação},
  url           = {https://books-sol.sbc.org.br/index.php/sbc/catalog/book/134},
  urlaccessdate = {31 out. 2024},
  year          = {2017}
}
